 
@Article{rounce2023,
  author       = {Rounce, David R. and Hock, Regine and Maussion, Fabien and Hugonnet, Romain and Kochtitzky, William and Huss, Matthias and Berthier, Etienne and Brinkerhoff, Douglas and Compagno, Loris and Copland, Luke and Farinotti, Daniel and Menounos, Brian and McNabb, Robert W.},
  date         = {2023-01},
  journaltitle = {Science},
  title        = {Global glacier change in the 21st century: Every increase in temperature matters},
  doi          = {10.1126/science.abo1324},
  issn         = {1095-9203},
  number       = {6627},
  pages        = {78--83},
  volume       = {379},
  publisher    = {American Association for the Advancement of Science (AAAS)},
}

@Article{seguinot2013,
  author                = {Seguinot, Julien},
  date                  = {2013},
  journaltitle          = {Journal of Glaciology},
  title                 = {Spatial and seasonal effects of temperature variability in a positive degree-day glacier surface mass-balance model},
  doi                   = {10.3189/2013jog13j081},
  issn                  = {1727-5652},
  number                = {218},
  pages                 = {1202--1204},
  volume                = {59},
  comment-robert wright = {That's where I took the PDD factor from.},
  publisher             = {International Glaciological Society},
}

@Article{plach2018,
  author       = {Plach, Andreas and Nisancioglu, Kerim H. and Le clec’h, Sébastien and Born, Andreas and Langebroek, Petra M. and Guo, Chuncheng and Imhof, Michael and Stocker, Thomas F.},
  date         = {2018-10},
  journaltitle = {Climate of the Past},
  title        = {Eemian Greenland SMB strongly sensitive to model choice},
  doi          = {10.5194/cp-14-1463-2018},
  issn         = {1814-9332},
  number       = {10},
  pages        = {1463--1485},
  volume       = {14},
  publisher    = {Copernicus GmbH},
}

@Comment{jabref-meta: databaseType:biblatex;}
