 
@Article{rounce2023,
  author       = {Rounce, David R. and Hock, Regine and Maussion, Fabien and Hugonnet, Romain and Kochtitzky, William and Huss, Matthias and Berthier, Etienne and Brinkerhoff, Douglas and Compagno, Loris and Copland, Luke and Farinotti, Daniel and Menounos, Brian and McNabb, Robert W.},
  date         = {2023-01},
  journaltitle = {Science},
  title        = {Global glacier change in the 21st century: Every increase in temperature matters},
  doi          = {10.1126/science.abo1324},
  issn         = {1095-9203},
  number       = {6627},
  pages        = {78--83},
  volume       = {379},
  comment      = {My presentation was about this paper.},
  publisher    = {American Association for the Advancement of Science (AAAS)},
}

@Article{seguinot2013,
  author                = {Seguinot, Julien},
  date                  = {2013},
  journaltitle          = {Journal of Glaciology},
  title                 = {Spatial and seasonal effects of temperature variability in a positive degree-day glacier surface mass-balance model},
  doi                   = {10.3189/2013jog13j081},
  issn                  = {1727-5652},
  number                = {218},
  pages                 = {1202--1204},
  volume                = {59},
  comment               = {That's where I took the PDD factor from.},
  publisher             = {International Glaciological Society},
}

@Article{plach2018,
  author       = {Plach, Andreas and Nisancioglu, Kerim H. and Le clec’h, Sébastien and Born, Andreas and Langebroek, Petra M. and Guo, Chuncheng and Imhof, Michael and Stocker, Thomas F.},
  date         = {2018-10},
  journaltitle = {Climate of the Past},
  title        = {Eemian Greenland SMB strongly sensitive to model choice},
  doi          = {10.5194/cp-14-1463-2018},
  issn         = {1814-9332},
  number       = {10},
  pages        = {1463--1485},
  volume       = {14},
  publisher    = {Copernicus GmbH},
}

@Article{aschwanden2019,
  author       = {Aschwanden, Andy and Fahnestock, Mark A. and Truffer, Martin and Brinkerhoff, Douglas J. and Hock, Regine and Khroulev, Constantine and Mottram, Ruth and Khan, S. Abbas},
  date         = {2019-06},
  journaltitle = {Science Advances},
  title        = {Contribution of the Greenland Ice Sheet to sea level over the next millennium},
  doi          = {10.1126/sciadv.aav9396},
  issn         = {2375-2548},
  number       = {6},
  volume       = {5},
  comment      = {Introduction},
  file         = {:aschwanden2019 - Contribution of the Greenland Ice Sheet to Sea Level Over the Next Millennium.pdf:PDF},
  publisher    = {American Association for the Advancement of Science (AAAS)},
}

@Article{crowley1995,
  author       = {Crowley, Thomas J. and Baum, Steven K.},
  date         = {1995-06},
  journaltitle = {Paleoceanography},
  title        = {Is the Greenland Ice Sheet bistable?},
  doi          = {10.1029/95PA00662},
  issn         = {1944-9186},
  number       = {3},
  pages        = {357--363},
  volume       = {10},
  comment      = {Bonus: Hysteresis},
  file         = {:crowley1995 - Is the Greenland Ice Sheet Bistable_.pdf:PDF},
  publisher    = {American Geophysical Union (AGU)},
}

@Article{born2019,
  author       = {Born, Andreas and Imhof, Michael A. and Stocker, Thomas F.},
  date         = {2019-05},
  journaltitle = {The Cryosphere},
  title        = {An efficient surface energy–mass balance model for snow and ice},
  doi          = {10.5194/tc-13-1529-2019},
  issn         = {1994-0424},
  number       = {5},
  pages        = {1529--1546},
  volume       = {13},
  comment      = {Distinguish temperature and precipitation},
  file         = {:born2019 - An Efficient Surface Energy–mass Balance Model for Snow and Ice.pdf:PDF},
  publisher    = {Copernicus GmbH},
}

@Article{greve2022,
  author       = {Greve, Ralf and Chambers, Christopher},
  date         = {2022-03},
  journaltitle = {Journal of Glaciology},
  title        = {Mass loss of the Greenland ice sheet until the year 3000 under a sustained late-21st-century climate},
  doi          = {10.1017/jog.2022.9},
  issn         = {1727-5652},
  number       = {269},
  pages        = {618--624},
  volume       = {68},
  comment      = {Future projections},
  file         = {:greve2022 - Mass Loss of the Greenland Ice Sheet until the Year 3000 under a Sustained Late 21st Century Climate.pdf:PDF},
  publisher    = {Cambridge University Press (CUP)},
}

@Article{fettweis2020,
  author       = {Fettweis, Xavier and Hofer, Stefan and Krebs-Kanzow, Uta and Amory, Charles and Aoki, Teruo and Berends, Constantijn J. and Born, Andreas and Box, Jason E. and Delhasse, Alison and Fujita, Koji and Gierz, Paul and Goelzer, Heiko and Hanna, Edward and Hashimoto, Akihiro and Huybrechts, Philippe and Kapsch, Marie-Luise and King, Michalea D. and Kittel, Christoph and Lang, Charlotte and Langen, Peter L. and Lenaerts, Jan T. M. and Liston, Glen E. and Lohmann, Gerrit and Mernild, Sebastian H. and Mikolajewicz, Uwe and Modali, Kameswarrao and Mottram, Ruth H. and Niwano, Masashi and Noël, Brice and Ryan, Jonathan C. and Smith, Amy and Streffing, Jan and Tedesco, Marco and van de Berg, Willem Jan and van den Broeke, Michiel and van de Wal, Roderik S. W. and van Kampenhout, Leo and Wilton, David and Wouters, Bert and Ziemen, Florian and Zolles, Tobias},
  date         = {2020-11},
  journaltitle = {The Cryosphere},
  title        = {GrSMBMIP: intercomparison of the modelled 1980–2012 surface mass balance over the Greenland Ice Sheet},
  doi          = {10.5194/tc-14-3935-2020},
  issn         = {1994-0424},
  number       = {11},
  pages        = {3935--3958},
  volume       = {14},
  comment      = {Compare SMB},
  file         = {:fettweis2020 - GrSMBMIP_ Intercomparison of the Modelled 1980–2012 Surface Mass Balance Over the Greenland Ice Sheet.pdf:PDF},
  publisher    = {Copernicus GmbH},
}

@Article{raikar2024,
  author       = {Raikar, Sanat Pai},
  date         = {2024-06-10},
  journaltitle = {Britannica},
  title        = {Greenland Ice Sheet},
  url          = {https://www.britannica.com/place/Greenland-Ice-Sheet},
  urldate      = {2024-06-13},
  comment      = {Introduction},
}

@Book{cuffey2010,
  author    = {Cuffey, Kurt M.},
  date      = {2010},
  title     = {The Physics of Glaciers},
  edition   = {4},
  editor    = {W. S. B. Paterson},
  isbn      = {9780080919126},
  location  = {San Diego},
  pagetotal = {1721},
  publisher = {Elsevier Science \& Technology},
  comment   = {Introduction},
  ppn_gvk   = {185193670X},
}

 
@Article{morlighem2017,
  author       = {Morlighem, M. and Williams, C. N. and Rignot, E. and An, L. and Arndt, J. E. and Bamber, J. L. and Catania, G. and Chauché, N. and Dowdeswell, J. A. and Dorschel, B. and Fenty, I. and Hogan, K. and Howat, I. and Hubbard, A. and Jakobsson, M. and Jordan, T. M. and Kjeldsen, K. K. and Millan, R. and Mayer, L. and Mouginot, J. and Noël, B. P. Y. and O’Cofaigh, C. and Palmer, S. and Rysgaard, S. and Seroussi, H. and Siegert, M. J. and Slabon, P. and Straneo, F. and van den Broeke, M. R. and Weinrebe, W. and Wood, M. and Zinglersen, K. B.},
  date         = {2017-11},
  journaltitle = {Geophysical Research Letters},
  title        = {BedMachine v3: Complete Bed Topography and Ocean Bathymetry Mapping of Greenland From Multibeam Echo Sounding Combined With Mass Conservation},
  doi          = {10.1002/2017gl074954},
  issn         = {1944-8007},
  number       = {21},
  volume       = {44},
  publisher    = {American Geophysical Union (AGU)},
}

@Comment{jabref-meta: databaseType:biblatex;}
